@article{einstein1916foundation,
  title={The foundation of the general theory of relativity},
  author={Einstein, Albert and others},
  journal={Annalen der Physik},
  volume={49},
  number={7},
  pages={769--822},
  year={1916}
}